@misc{sii,
    author       = "{Servicio de Impuestos Internos}",
    title        = "{Unidad de Fomento (UF) - 2023}",
    year         = 2023,
    url          = "https://www.sii.cl/valores_y_fechas/uf/uf2023.htm",
    note         = "[Último acceso: septiembre 2, 2024]"
}

@misc{tradingeconomics,
    author       = "{Trading Economics}",
    title        = "{Chile Gasoline Prices - September 2024 Data}",
    year         = 2024,
    url          = "https://es.tradingeconomics.com/chile/gasoline-prices",
    note         = "[Último acceso: septiembre 2, 2024]"
}

@misc{bcentral,
  author       = "{Banco Central de Chile}",
  title        = "{Tipo de Cambio Histórico - Dólar Observado}",
  year         = 2024,
  url          = "https://si3.bcentral.cl/Siete/ES/Siete/Cuadro/CAP_TIPO_CAMBIO/MN_TIPO_CAMBIO4/DOLAR_OBS_ADO?cbFechaDiaria=2012&cbFrecuencia=ANNUAL&cbCalculo=NONE&cbFechaBase=",
  note         = "[Último acceso: 2 de septiembre de 2024]",
}

@misc{ipc,
    author       = "{Instituto Nacional de Estadísticas de Chile (INE)}",
    title        = "{Calculadora IPC}",
    year         = 2024,
    url          = "https://calculadoraipc.ine.cl/",
    note         = "[Último acceso: septiembre 2, 2024]"
}

@misc{esi,
    author       = "{Instituto Nacional de Estadísticas de Chile (INE)}",
    title        = "{Encuesta Suplementaria de Ingresos}",
    year         = 2024,
    url          = "https://www.ine.gob.cl/estadisticas/sociales/ingresos-y-gastos/encuesta-suplementaria-de-ingresos",
    note         = "[Último acceso: septiembre 2, 2024]"
}

@misc{censo2017,
    author       = "{Instituto Nacional de Estadísticas de Chile (INE)}",
    title        = "{Proyección de resultados Censo 2017}",
    year         = 2017,
    url          = "https://regiones.ine.cl/biobio/estadisticas-regionales/sociales/demografia-y-vitales/proyecciones-de-poblacion",
    note         = "[Último acceso: septiembre 3, 2024]"
}
